@article{a1,
  title={Validation indices for graph clustering},
  author={G{\"u}nter, Simon and Bunke, Horst},
  journal={Pattern Recognition Letters},
  volume={24},
  number={8},
  pages={1107--1113},
  year={2003},
  publisher={Elsevier}
}

@article{a2,
  title={An Improved Switching Hybrid Recommender System Using Naive Bayes Classi? er and Collaborative Filtering},
  author={Ghazanfar, Mustansar and Prugel-Bennett, Adam},
  year={2010}
}

@inproceedings{a3,
  title={Social information filtering: algorithms for automating “word of mouth”},
  author={Shardanand, Upendra and Maes, Pattie},
  booktitle={Proceedings of the SIGCHI conference on Human factors in computing systems},
  pages={210--217},
  year={1995},
  organization={ACM Press/Addison-Wesley Publishing Co.}
}

@inproceedings{a4,
  title={An algorithmic framework for performing collaborative filtering},
  author={Herlocker, Jonathan L and Konstan, Joseph A and Borchers, Al and Riedl, John},
  booktitle={Proceedings of the 22nd annual international ACM SIGIR conference on Research and development in information retrieval},
  pages={230--237},
  year={1999},
  organization={ACM}
}

@inproceedings{a5,
  title={Item-based collaborative filtering recommendation algorithms},
  author={Sarwar, Badrul and Karypis, George and Konstan, Joseph and Riedl, John},
  booktitle={Proceedings of the 10th international conference on World Wide Web},
  pages={285--295},
  year={2001},
  organization={ACM}
}

@inproceedings{a6,
  title={Empirical analysis of predictive algorithms for collaborative filtering},
  author={Breese, John S and Heckerman, David and Kadie, Carl},
  booktitle={Proceedings of the Fourteenth conference on Uncertainty in artificial intelligence},
  pages={43--52},
  year={1998},
  organization={Morgan Kaufmann Publishers Inc.}
}

@inproceedings{a7,
  title={Learning Collaborative Information Filters.},
  author={Billsus, Daniel and Pazzani, Michael J},
  booktitle={Icml},
  volume={98},
  pages={46--54},
  year={1998}
}

@inproceedings{a8,
  title={Scalable collaborative filtering using cluster-based smoothing},
  author={Xue, Gui-Rong and Lin, Chenxi and Yang, Qiang and Xi, WenSi and Zeng, Hua-Jun and Yu, Yong and Chen, Zheng},
  booktitle={Proceedings of the 28th annual international ACM SIGIR conference on Research and development in information retrieval},
  pages={114--121},
  year={2005},
  organization={ACM}
}

@inproceedings{a9,
  title={Latent class models for collaborative filtering},
  author={Hofmann, Thomas and Puzicha, Jan},
  booktitle={IJCAI},
  volume={99},
  number={1999},
  year={1999}
}

@inproceedings{a10,
  title={Collaborative filtering by personality diagnosis: A hybrid memory-and model-based approach},
  author={Pennock, David M and Horvitz, Eric and Lawrence, Steve and Giles, C Lee},
  booktitle={Proceedings of the Sixteenth conference on Uncertainty in artificial intelligence},
  pages={473--480},
  year={2000},
  organization={Morgan Kaufmann Publishers Inc.}
}

@inproceedings{a11,
  title={Collaborative prediction using ensembles of maximum margin matrix factorizations},
  author={DeCoste, Dennis},
  booktitle={Proceedings of the 23rd international conference on Machine learning},
  pages={249--256},
  year={2006},
  organization={ACM}
}

@inproceedings{a12,
  title={Modeling relationships at multiple scales to improve accuracy of large recommender systems},
  author={Bell, Robert and Koren, Yehuda and Volinsky, Chris},
  booktitle={Proceedings of the 13th ACM SIGKDD international conference on Knowledge discovery and data mining},
  pages={95--104},
  year={2007},
  organization={ACM}
}

@techreport{a13,
  title={Application of dimensionality reduction in recommender system-a case study},
  author={Sarwar, Badrul and Karypis, George and Konstan, Joseph and Riedl, John},
  year={2000},
  institution={Minnesota Univ Minneapolis Dept of Computer Science}
}

@article{a14,
  title={Eigentaste: A constant time collaborative filtering algorithm},
  author={Goldberg, Ken and Roeder, Theresa and Gupta, Dhruv and Perkins, Chris},
  journal={Information Retrieval},
  volume={4},
  number={2},
  pages={133--151},
  year={2001},
  publisher={Springer}
}

@article{a15,
  title={Fab: content-based, collaborative recommendation},
  author={Balabanovi{\'c}, Marko and Shoham, Yoav},
  journal={Communications of the ACM},
  volume={40},
  number={3},
  pages={66--72},
  year={1997},
  publisher={ACM}
}

@inproceedings{a16,
  title={Recommendation as classification: Using social and content-based information in recommendation},
  author={Basu, Chumki and Hirsh, Haym and Cohen, William and others},
  booktitle={Aaai/iaai},
  pages={714--720},
  year={1998}
}

@inproceedings{a17,
  title={Combining content-based and collaborative filters in an online newspaper},
  author={Miranda, Tim and Claypool, Mark and Gokhale, Anuja and Mir, Tim and Murnikov, Pavel and Netes, Dmitry and Sartin, Matthew},
  booktitle={In Proceedings of ACM SIGIR Workshop on Recommender Systems},
  year={1999},
  organization={Citeseer}
}

@inproceedings{a18,
  title={Combining collaborative filtering with personal agents for better recommendations},
  author={Good, Nathaniel and Schafer, J Ben and Konstan, Joseph A and Borchers, Al and Sarwar, Badrul and Herlocker, Jon and Riedl, John and others},
  booktitle={AAAI/IAAI},
  pages={439--446},
  year={1999}
}

@inproceedings{a19,
  title={Na{\"\i}ve filterbots for robust cold-start recommendations},
  author={Park, Seung-Taek and Pennock, David and Madani, Omid and Good, Nathan and DeCoste, Dennis},
  booktitle={Proceedings of the 12th ACM SIGKDD international conference on Knowledge discovery and data mining},
  pages={699--705},
  year={2006},
  organization={ACM}
}

@inproceedings{a20,
  title={Content-boosted collaborative filtering for improved recommendations},
  author={Melville, Prem and Mooney, Raymond J and Nagarajan, Ramadass},
  booktitle={Aaai/iaai},
  pages={187--192},
  year={2002}
}

@inproceedings{a21,
  title={Methods and metrics for cold-start recommendations},
  author={Schein, Andrew I and Popescul, Alexandrin and Ungar, Lyle H and Pennock, David M},
  booktitle={Proceedings of the 25th annual international ACM SIGIR conference on Research and development in information retrieval},
  pages={253--260},
  year={2002},
  organization={ACM}
}

@inproceedings{a22,
  title={A joint framework for collaborative and content filtering},
  author={Basilico, Justin and Hofmann, Thomas},
  booktitle={Proceedings of the 27th annual international ACM SIGIR conference on Research and development in information retrieval},
  pages={550--551},
  year={2004},
  organization={ACM}
}

@inproceedings{a23,
  title={Predictive discrete latent factor models for large scale dyadic data},
  author={Agarwal, Deepak and Merugu, Srujana},
  booktitle={Proceedings of the 13th ACM SIGKDD international conference on Knowledge discovery and data mining},
  pages={26--35},
  year={2007},
  organization={ACM}
}

@inproceedings{a24,
  title={Personalized recommendation on dynamic content using predictive bilinear models},
  author={Chu, Wei and Park, Seung-Taek},
  booktitle={Proceedings of the 18th international conference on World wide web},
  pages={691--700},
  year={2009},
  organization={ACM}
}

@inproceedings{a25,
  title={Accuracy and diversity in cross-domain recommendations for cold-start users with positive-only feedback},
  author={Fern{\'a}ndez-Tob{\'\i}as, Ignacio and Tomeo, Paolo and Cantador, Iv{\'a}n and Di Noia, Tommaso and Di Sciascio, Eugenio},
  booktitle={Proceedings of the 10th ACM Conference on Recommender Systems},
  pages={119--122},
  year={2016},
  organization={ACM}
}

@inproceedings{a26,
  title={Attack resistant collaborative filtering},
  author={Mehta, Bhaskar and Nejdl, Wolfgang},
  booktitle={Proceedings of the 31st annual international ACM SIGIR conference on Research and development in information retrieval},
  pages={75--82},
  year={2008},
  organization={ACM}
}
@article{a27,
  title={Learning bidirectional similarity for collaborative filtering},
  author={Cao, Bin and Sun, Jian-Tao and Wu, Jianmin and Yang, Qiang and Chen, Zheng},
  journal={Machine Learning and Knowledge Discovery in Databases},
  pages={178--194},
  year={2008},
  publisher={Springer}
}
@inproceedings{a28,
  title={Recommendation in social media: recent advances and new frontiers},
  author={Tang, Jiliang and Tang, Jie and Liu, Huan},
  booktitle={Proceedings of the 20th ACM SIGKDD international conference on Knowledge discovery and data mining},
  pages={1977--1977},
  year={2014},
  organization={ACM}
}

@article{a29,
  title={A case-based recommendation approach for market basket data},
  author={Gatzioura, Anna and S{\`a}nchez-Marr{\`e}, Miquel},
  journal={IEEE Intelligent Systems},
  volume={30},
  number={1},
  pages={20--27},
  year={2015},
  publisher={IEEE}
}

@inproceedings{a30,
  title={Tutorial: recommender systems},
  author={Jannach, Dietmar and Friedrich, Gerhard},
  booktitle={International Joint Conference on Artificial Intelligence Beijing},
  year={2013}
}

@misc{a31,
    author       = "Minsuk-keo",
    title        = "Machinelearning",
    howpublished = "\url{https://github.com/minsuk-heo/machinelearning}"
}

@inproceedings{a32,
  title={Pairwise preference regression for cold-start recommendation},
  author={Park, Seung-Taek and Chu, Wei},
  booktitle={Proceedings of the third ACM conference on Recommender systems},
  pages={21--28},
  year={2009},
  organization={ACM}
}

@misc{a33,
    author       = {Xavier Amatriain,Ruo-Ping H},
    title        = "Collaborative Filtering and other approaches",
	year = {2014}
}

@inproceedings{a34,
  title={Addressing Cold Start for Next-song Recommendation},
  author={Chou, Szu-Yu and Yang, Yi-Hsuan and Jang, Jyh-Shing Roger and Lin, Yu-Ching},
  booktitle={Proceedings of the 10th ACM Conference on Recommender Systems},
  pages={115--118},
  year={2016},
  organization={ACM}
}

@misc{a35,
    author       = "Samir Kunwar",
    title        = "Code Project",
    howpublished = "\url{https://www.codeproject.com/Articles/439890/Text-Documents-Clustering-using-K-Means-Algorithm}",
	year = 2013
}

@misc{a36,
    author       = "Rahul Saxena",
    title        = "Data Science, Machine Learning",
    howpublished = "\url{http://dataaspirant.com/2016/12/23/k-nearest-neighbor-classifier-intro/}",
	year = 2016
}

@misc{a37,
    author       = "Rahul Saxena",
    title        = "Data Science, Machine Learning",
    howpublished = "\url{http://dataaspirant.com/2017/01/30/how-decision-tree-algorithm-works/}",
	year = 2017
}
@misc{a38,
    author       = "Joseph Adler ",
    title        = "Data Mining",
    howpublished = "\url{http://www.csun.edu/~twang/595DM/}",
	year = 2009
} 

@misc{a39,
    author       = "grouplens",
    title        = "MovieLens 100K Dataset",
    howpublished = "\url{https://grouplens.org/datasets/movielens/100k/}",
	year = 1998
} 